@preamble{ "\newcommand{\noopsort}[1]{} "
	# "\newcommand{\printfirst}[2]{#1} "
	# "\newcommand{\singleletter}[1]{#1} "
	# "\newcommand{\switchargs}[2]{#2#1} "
}
% BOOKS------------------------------------------------------------------------

@book{wangler2008rf,
  title={RF Linear accelerators},
  author={Wangler, Thomas P},
  year={2008},
  publisher={Wiley. com}
}

@book{tesmer1995handbook,
  title={Handbook of modern ion beam materials analysis},
  author={Tesmer, Joseph R and Nastasi, Michael Anthony and Barbour, J Charles and Maggiore, Carl J and Mayer, James W},
  year={1995},
  publisher={Materials Research Society Pittsburgh, PA}
}


@InBook{PIXE2,
author = {Sven A. E. Johansson and John L. Campbell and Klas G. Malmqvist},
title = {Particle Induced X-Ray Emission Spectrometry (PIXE)},
chapter = {2: Instrumentation, Fundamentals, and Quantification},
publisher = {John Wiley and Sons, Inc.},
year = {1995},
}

@InBook{Stangeby1,
author = {Peter C. Stangeby},
title = {The Plasma Boundary of Magnetic Fusion Devices},
chapter = {1: Simple Analytic Models of the Scrape-Off Layer},
publisher = {Institue of Physics Publishing},
year = {2000},
}

@InBook{Stangeby5,
author = {Peter C. Stangeby},
title = {The Plasma Boundary of Magnetic Fusion Devices},
chapter = {5: The Divertor SOL},
publisher = {Institue of Physics Publishing},
year = {2000},
}

@Book{holman,
author = {J. P. Holman},
title = {Heat Transfer},
publisher = {McGraw Hill},
year= {1981}
}

@Book{TokamaksWesson,
author = {J. Wesson},
title = {Tokamaks},
publisher = {Oxford University Press},
year= {1987}
}

@book{wesson2011tokamaks,
  title={Tokamaks},
  author={Wesson, John},
  volume={149},
  year={2011},
  publisher={Oxford University Press}
}


@InBook{XRS12,
editor = {Rene E. Van Grieken and Andzej A. Markowicz},
title = {Handbook of X-Ray Spectrometry 2nd ed.},
chapter = {12 Pariticle Indced Xray Emission Analysis by Willy Maenhaut and Klas G. Malmqvist},
publisher = {Marcel Dekker, INC},
year = {2002}
}

@InBook{IBA7,
editor = {David R. Tesmer and Michael Nastasi},
title = {Handbook of Modern Ion Beam Materials Analysis},
chapter = {7 Nuclear Reaction Analysis, Particle--Gamma Reactions by J.P. Hirvonen},
publisher = {Materials Research Society},
year = {1995}
}

@book{knoll2010radiation,
  title={Radiation detection and measurement},
  author={Knoll, Glenn F},
  year={2010},
  publisher={Wiley. com}
}

@InBook{Knoll3,
author = {Glenn F. Knoll},
title = {Radiation Detection and Measurement},
chapter = {3: Counting Statistics and Error Propagation},
publisher = {John Wiley and Sons Inc.},
year = {2000},
edition = {Thrid},
}

@InBook{Knoll8,
author = {Glenn F. Knoll},
title = {Radiation Detection and Measurement},
chapter = {8: Scintillation Detector Principles},
publisher = {John Wiley and Sons Inc.},
year = {2000},
edition = {Thrid},
}

@InBook{Knoll10,
author = {Glenn F. Knoll},
title = {Radiation Detection and Measurement},
chapter = {10: Radiation Spectroscopy with Scintillators},
publisher = {John Wiley and Sons Inc.},
year = {2000},
edition = {Thrid},
}

@InBook{Freidberg1,
author = {Jeffrey Freidberg},
title = {Plasma Physics and Fusion Energy},
chapter = {1},
publisher = {Uniersity Press},
year = {2007},
}

@InBook{Freidberg14,
author = {Jeffrey Freidberg},
title = {Plasma Physics and Fusion Energy},
chapter = {14},
publisher = {Uniersity Press},
year = {2007},
}

@InBook{Krane6,
author = {Kenneth S. Krane},
title = {Introductory Nuclear Physics},
chapter = {6 Radioactive Decay},
publisher = {John Wiley and Sons},
year = {1988},
address = {Canada},
pages = {160-184},
}

@InBook{Krane14,
author = {Kenneth S. Krane},
title = {Introductory Nuclear Physics},
chapter = {14 Nuclear Fusion},
publisher = {John Wiley and Sons},
year = {1988},
address = {Canada},
pages = {160-184},
}

@InBook{wiedemann2,
  title={Particle accelerator physics},
  author={Wiedemann, Helmut},
  chapter = {2: Particle dynamics in electromagnetic fields},
  year={2007},
  publisher={Springer London, Limited}
}

@InBook{wiedemann3,
  title={Particle accelerator physics},
  author={Wiedemann, Helmut},
  chapter = {3: Electromagnetic fields},
  year={2007},
  publisher={Springer London, Limited}
}

@InBook{wiedemann4,
  title={Particle accelerator physics},
  author={Wiedemann, Helmut},
  chapter = {4: Single particle dynamics},
  year={2007},
  publisher={Springer London, Limited}
}

@InBook{wiedemann5,
  title={Particle accelerator physics},
  author={Wiedemann, Helmut},
  chapter = {5: Particle beams and phase space},
  year={2007},
  publisher={Springer London, Limited}
}

@InBook{wiedemann8,
  title={Particle accelerator physics},
  author={Wiedemann, Helmut},
  chapter = {8: Particle beam parameters},
  year={2007},
  publisher={Springer London, Limited}
}

@InBook{wiedemannC,
  title={Particle accelerator physics},
  author={Wiedemann, Helmut},
  pages = {919-923 Appendix C: Transfer Matrices in Beam Dynamics},
  year={2007},
  publisher={Springer London, Limited}
}


@InBook{humphries2,
author = {Humphries, Stanley and Humphries Jr, Stanley},
title = {Charged particle beams},
chapter = {2: Phase space description of charged-particle beams},
publisher = {DoverPublications.com},
year = {2013}
}

@InBook{humphries3,
author = {Humphries, Stanley and Humphries Jr, Stanley},
title = {Charged particle beams},
chapter = {3: Introduction to beam emittance},
publisher = {DoverPublications.com},
year = {2013}
}

@InBook{humphries5,
author = {Humphries, Stanley and Humphries Jr, Stanley},
title = {Charged particle beams},
chapter = {5: Introduction to beam generated forces},
publisher = {DoverPublications.com},
year = {2013}
}

@book{griffiths1999introduction,
  title={Introduction to electrodynamics},
  author={Griffiths, David Jeffrey and Reed College},
  volume={3},
  year={1999},
  publisher={prentice Hall Upper Saddle River, NJ}
}


@book{russenschuck2011field,
  title={Field computation for accelerator magnets},
  author={Russenschuck, Stephan},
  year={2011},
  publisher={John Wiley \& Sons}
}


% PAPERS------------------------------------------------------------------
@inproceedings{wright2011plasma,
  title={Plasma-Surface Interaction Research At The Cambridge Laboratory Of Accelerator Studies Of Surfaces},
  author={Wright, GM and Barnard, HS and Hartwig, ZS and Stahle, PW and Sullivan, RM and Woller, KB and Whyte, DG},
  booktitle={APPLICATION OF ACCELERATORS IN RESEARCH AND INDUSTRY: Twenty-First International Conference},
  volume={1336},
  number={1},
  pages={626--630},
  year={2011},
  organization={AIP Publishing}
}



@article{keilhacker1999high,
  title={High fusion performance from deuterium-tritium plasmas in JET},
  author={Keilhacker, M and Gibson, A and Gormezano, C and Lomas, PJ and Thomas, PR and Watkins, ML and Andrew, P and Balet, B and Borba, D and Challis, CD and others},
  journal={Nuclear Fusion},
  volume={39},
  number={2},
  pages={209},
  year={1999},
  publisher={IOP Publishing}
}


@article{wong1998divertor,
  title={Divertor materials evaluation system (DiMES)},
  author={Wong, CPC and Whyte, DG and Bastasz, RJ and Brooks, J and West, WP and Wampler, WR},
  journal={Journal of nuclear materials},
  volume={258},
  pages={433--439},
  year={1998},
  publisher={Elsevier}
}


@article{wirth2011fusion,
  title={Fusion materials modeling: Challenges and opportunities},
  author={Wirth, BD and Nordlund, K and Whyte, DG and Xu, D},
  journal={MRS Bull},
  volume={36},
  pages={216--222},
  year={2011},
  publisher={Cambridge Univ Press}
}



@inproceedings{wirth2013fusion,
  title={Fusion materials science and technology research needs: Now and during the ITER era},
  author={Wirth, Brian D and Kurtz, Rick J and Snead, Lance L},
  booktitle={Fusion Engineering (SOFE), 2013 IEEE 25th Symposium on},
  pages={1--8},
  year={2013},
  organization={IEEE}
}

@article{federici2001plasma,
  title={Plasma-material interactions in current tokamaks and their implications for next step fusion reactors},
  author={Federici, Gianfranco and Skinner, Charles H and Brooks, Jeffrey N and Coad, Joseph Paul and Grisolia, Christian and Haasz, Anthony A and Hassanein, Ahmed and Philipps, Volker and Pitcher, C Spencer and Roth, Joachim and others},
  journal={Nuclear Fusion},
  volume={41},
  number={12},
  pages={1967},
  year={2001},
  publisher={IOP Publishing}
}


%
@article{Ochoukov20121700,
title = "Study and optimization of boronization in Alcator C-Mod using the Surface Science Station (S3) ",
journal = "Fusion Engineering and Design ",
volume = "87",
number = "9",
pages = "1700 - 1707",
year = "2012",
note = "",
issn = "0920-3796",
doi = "http://dx.doi.org/10.1016/j.fusengdes.2012.07.013",
url = "http://www.sciencedirect.com/science/article/pii/S0920379612003316",
author = "Roman Ochoukov and Dennis Whyte and Bruce Lipschultz and Brian LaBombard and Niels Gierse and Soren Harrison",
keywords = "Alcator C-Mod",
keywords = "Boronization",
keywords = "Quartz microbalance",
keywords = "Monte Carlo simulation "
}



@article{bonoli2007wave,
  title={Wave-particle studies in the ion cyclotron and lower hybrid ranges of frequencies in Alcator C-Mod},
  author={Bonoli, PT and Parker, R and Wukitch, Stephen J and Lin, Yijun and Porkolab, Miklos and Wright, John C and Edlund, E and Graves, T and Lin, Liang and Liptac, J and others},
  journal={Fusion Science and Technology},
  volume={51},
  number={3},
  pages={401--436},
  year={2007},
  publisher={La Grange Park, Ill.: American Nuclear Society, c2001-}
}


@article{RSIPaper,
  title={An in situ accelerator-based diagnostic for plasma-material interactions science on magnetic fusion devices},
  author={Hartwig, Zachary S and Barnard, Harold S and Lanza, Richard C and Sorbom, Brandon N and Stahle, Peter W and Whyte, Dennis G},
  journal={Review of Scientific Instruments},
  volume={84},
  number={12},
  pages={123503},
  year={2013},
  publisher={AIP Publishing}
}


@article{sziki2006gamma,
  title={Gamma ray production cross-sections of deuteron induced nuclear reactions for light element analysis},
  author={Sziki, G{\'A} and Simon, A and Szikszai, Z and Kert{\'e}sz, Zs and Dobos, E},
  journal={Nuclear Instruments and Methods in Physics Research Section B: Beam Interactions with Materials and Atoms},
  volume={251},
  number={2},
  pages={343--351},
  year={2006},
  publisher={Elsevier}
}

@article{Rubel2003423,
title = "Ion beam analysis methods in the studies of plasma facing materials in controlled fusion devices ",
journal = "Vacuum ",
volume = "70",
number = "2–3",
pages = "423 - 428",
year = "2003",
note = "<ce:title>The International Symposium on Ion Implantation and Other Applica tions of Ions and Electrons - \{ION\} 2002</ce:title> ",
issn = "0042-207X",
doi = "http://dx.doi.org/10.1016/S0042-207X(02)00681-4",
url = "http://www.sciencedirect.com/science/article/pii/S0042207X02006814",
author = "M. Rubel and P. Wienhold and D. Hildebrandt",
keywords = "Ion beam analysis",
keywords = "Erosion",
keywords = "Deposition",
keywords = "Hydrogen inventory",
keywords = "Tokamak "
}


@article{bonoli2007wave,
  title={Wave-particle studies in the ion cyclotron and lower hybrid ranges of frequencies in Alcator C-Mod},
  author={Bonoli, PT and Parker, R and Wukitch, Stephen J and Lin, Yijun and Porkolab, Miklos and Wright, John C and Edlund, E and Graves, T and Lin, Liang and Liptac, J and others},
  journal={Fusion Science and Technology},
  volume={51},
  number={3},
  pages={401--436},
  year={2007},
  publisher={La Grange Park, Ill.: American Nuclear Society, c2001-}
}


@article{hutchinson1994first,
  title={First results from Alcator-C-MOD@ f|},
  author={Hutchinson, Ian H and Boivin, R and Bombarda, F and Bonoli, P and Fairfax, S and Fiore, C and Goetz, J and Golovato, S and Granetz, R and Greenwald, M and others},
  journal={Physics of Plasmas},
  volume={1},
  pages={1511},
  year={1994}
}

@Article{PrivateFlux,
author = {C.J. Boswell and J.L. Terry and B. LaBombard and B. Lipschultz and J.A. Goetz},
title = {Observations of cold, high density plasma in the private flux region of the Alcator C-Mod divertor},
journal = {Journal of Nuclear Materials},
year = {2001},
OPTkey = {},
OPTvolume = {},
OPTnumber = {},
pages = {556-560},
OPTmonth = {},
OPTnote = {},
OPTannote = {}
}
%
@Article{WWoBoronization,
author = {E. Marmar, Y. Lin, B. Lipschultz and D. Whyte and P. Bonoli and C. Fiore and M.
Greenwald and I. Hutchinson and J. Irby and M. Reinke and J. Rice and S. Scott and J. Terry1 and S. Wolfe1 and S.
and Wukitch and Alcator Team},
title = {Operation of Alcator C-Mod with High-Z Plasma Facing Components With and Without Boronization},
journal = {33rd EPS Conference on Plasma Phys,Rome},
month = {June},
year = {2006},
volume = {30I},
OPTpages = {},
OPTnumber = {Section 2},
OPTnote = {},
OPTannote = {}
}

@Article{localizedWDepsitionJT60U,
author = {Y.Ueda and M.Fukumoto and J.Watanabe and Y.Ohtsuka and T.Arai and N.Asakura and Y.Nobua and M.Sato and T.Nakano and J.Yagu and K. Ochaiai and K. Takakura and JT-60 Team},
title = {Localized tungsten deposition in divertor region in JT-60U},
journal = {Journal of Nuclear Fusion},
month = {May},
year = {2009},
volume = {49},
pages = {217-221},
number = {Section 2},
OPTnote = {},
OPTannote = {}
}

@Article{CModMoDeposition,
author = {W.R. Wampler and B. LaBombard and B. Lipschultz and G.M. McCracken and D.A. Pappas and C.S. Pitcher},
title = {Molybdenum Erosion Measurements in Alcator C-Mod},
journal = {Journal of Nuclear Materials},
year = {1999},
volume = {266-269},
pages = {217-221},
number = {Section 2},
OPTnote = {},
OPTannote = {}
}

@Article{DIIIDErosion,
author = {W. R. Wampler and R. Bastasz and D. Buchenauer and D. Whyte and C. P. C. Wong and N. H. Brooks and W. P. West},
title = {Erosion and deposition of metals and carbon in the DIII—D divertor},
journal = {Journal of Nuclear Materials},
year = {1996},
volume = {233-237 part 1},
pages = {791-797},
number = {1},
OPTnote = {},
OPTannote = {}
}

@Article{KShellXS,
author = {M. Rashiduzzaman Kahn and D. Crumpton and P. E. Fancois},
title = {Proton Induced x-ray production in Ti, Ni,Cu,Mo,Ag},
journal = {J. Phys. B: Atom. Molec. Phys.},
year = {1974},
volume = {9},
number = {3},
OPTnote = {},
OPTannote = {}
}

@Article{LShellXS,
author = {D.D. Cohen and M. Harrigan},
title = {Calculated L-Shell X-Ray Line Intensityies for Proton and Helium Ion Impact},
journal = {Atomic Data and Nuclear Data Tables},
year = {1984},
volume = {34},
pages = {392-414},
OPTnote = {},
OPTannote = {}
}

@Article{LShellXSLowE,
author = {V. P. Petukhov and E. A. Romanovskii and H. Kerkow and G. Kreysc},
title = {Proton-Induced L-Shell Ionization Cross-Sections of Elements with $28 < Z2 < 79$ for Projectile Energies between 70 and 500 keV},
journal = {phys. stat. sol. (a)},
year = {1980},
volume = {34},
pages = {60-79},
month = {September},
OPTnote = {},
OPTannote = {}
}


%Nuclear Instruments and Methods in Physics Research B 219–220 (2004) 836–845
@Article{CModOverview,
author = {Cmod Team},
title = {Overview of the Alcator C-Mod Research Programme},
journal = {Nuclear Fusion},
year = {2007},
volume = {47},
pages = {S598-S607},
month = {September},
OPTnote = {},
OPTannote = {}
}


@Article{IBAforFusion,
author = {W. R. Wampler},
title = {Ion beam analysis for fusion energy research},
journal = {Nuclear Instruments and Methods in Physics Research B},
year = {2004},
number = {219–220},
pages = {836–845},
}

@Article{Nuclides,
author = {Alejandro Sonzogni},
title = {Chart of Nuclides},
journal = {National Nuclear Data Center, Brookhaven National Laboratory},
year = {2008}
}

@Article{HighZPFCs,
author = {B. Lipshultz and Y. Lin and D. Whyte and M. L. Reinke and A. Hubbard and I. H. Hutchinson and J. Irby and B. LaBombard and E. S. Marmar and K. Marr and J. L. Terry and S. M. Wolfe and the Alcator C-Mod Group},
title = {Operation of Alcator C-Mod with High-Z Plasma Facing Components and Implications},
journal = {Physics of Plasmas},
year = {2006},
volume = {13},
number = {056117},
}

@Article{XMIBA,
author = {B.L.Doyle and D. S. Walsh and S.R. Lee},
title = {External Micro-Ion-Beam Analysis (X-MIBA)},
journal = {Nuclear Instruments and Methods in Physics. Section VII. Materials applications: B. Other Applications},
year = {1991},
volume = {B54},
pages = {244-257},
}

@Article{CrossSectionCompilation,
author = {C. Angulo and M. Arnould and M. Raynet and P. Descouvemont and D. Baye and C. Leclercq-Willain and A. Coc and S. Barhoumi and Aguer and C. Rolfs and R.Kunz and J.W. Hammer and A. Mayer and T. Paradellis and S. Kossionides and C. Chronidou and K. Spyrou and P. DeglInnocenti and G. Fiorentini S. and B. Ricci and S. Zavataelli and C. Providncia and H. Wolters and J. Soares and C. Grama and J. Rahighi and A. Shotter and M. Lamehi Rachti},
title = {A Compilation of Charged-Paricle Induced Thermonuclear Reaction Rates},
journal = {Nuclear Physics A},
year = {1999},
volume = {656},
pages = {3-183},
}

@Article{GammaRayPlasmaDiagnostics,
author = {V.G. Kiptily and F.E. Cecil and S.S. Medley},
title = {Gamma Ray Diagnostics of High Temperature Magnetically Confined Fusion Plasmas},
journal = {Plasma Physics and Controlled Fusion: Topical Review},
year = {2006},
volume = {48},
pages = {R59-R82},
}

@Article{StoppingForProtons,
author = {E. Rauhala and J. R\"{a}is\"{a}nen},
title = {Stopping Powers of $0.5-8.3$ MeV Protons in Havar, Nickel, Kapton, and Mylar},
journal = {Nuclear Instruments and Methods in Physics Research B35},
year = {1988},
pages = {130-134},
}

@Proceedings{HydrogenRetention,
author = {D.G. Whyte and B. Lipschultz and J. Irby and R. Granetz and B. LaBombard and J. Terry and G.M. Wright},
title = {Hydrogenic Fuel Recovery and Retention with Metallic Plasma-Facing Walls in Alcator C-Mod Tokamak},
year = {2006},
address = {Chengdu, China},
organization = {21st International Conference on Fusion Energy},
}

@inproceedings{duke2003improved,
  title={Improved results from the gas scattering energy spectrometer on the ISIS RFQ Test Stand},
  author={Duke, JP and Findlay, DJS and Letchford, AP and Thomason, J},
  booktitle={Particle Accelerator Conference, 2003. PAC 2003. Proceedings of the},
  volume={4},
  pages={2542--2544},
  year={2003},
  organization={IEEE}
}

@article{yang1991empirical,
  title={Empirical formulae for energy loss straggling of ions in matter},
  author={Yang, Q and O'Connor, DJ and Wang, Zhonglie},
  journal={Nuclear Instruments and Methods in Physics Research Section B: Beam Interactions with Materials and Atoms},
  volume={61},
  number={2},
  pages={149--155},
  year={1991},
  publisher={Elsevier}
}

@article{StokesAndWangler,
  title={Radiofrequency quadrupole accelerators and their applications},
  author={Stokes, Richard H and Wangler, Thomas P},
  journal={Annual Review of Nuclear and Particle Science},
  volume={38},
  number={1},
  pages={97--118},
  year={1988},
  publisher={Annual Reviews 4139 El Camino Way, PO Box 10139, Palo Alto, CA 94303-0139, USA}
}

@article{BarnardTungstenMigration,
  title={A study of tungsten migration in the Alcator C-Mod divertor},
  author={Barnard, HS and Lipschultz, B and Whyte, DG},
  journal={Journal of Nuclear Materials},
  volume={415},
  number={1},
  pages={S301--S304},
  year={2011},
  publisher={Elsevier}
}

@inproceedings{webber2000tutorial,
  title={Tutorial on beam current monitoring},
  author={Webber, Robert C},
  booktitle={AIP Conference Proceedings},
  volume={546},
  pages={83},
  year={2000}
}


@article{verboncoeur2005particle,
  title={Particle simulation of plasmas: review and advances},
  author={Verboncoeur, John P},
  journal={Plasma Physics and Controlled Fusion},
  volume={47},
  number={5A},
  pages={A231},
  year={2005},
  publisher={IOP Publishing}
}


%------ Cross Sections -----------------------------------------------------------
@Article{Be9pnB9,
author = {V.S.Siksin and V.N.Domoratsky and L.V.Donetskov and A.N.Voronin and M.M.Novikov and A.N.Kudryavtsev and G.D.Batyshchev and S.K.Barvin and V.F.Tseshkovskaya},
title = {Differential cross sections of proton elastic scattering on Be nuclei and the total cross section of reaction 9Be(p,n)9B near the freshold},
journal = {Atomnaya Energiya},
year = {1970},
volume = {12},
pages = {12},
}

@Article{B10pagBe7,
author = {Robert B. Day and Torben Huus},
title = {Gamma Radiation from $B^{10}$ Bombarded by Protons},
journal = {Physical Review},
year = {1954},
volume = {95},
number = {4},
pages = {1003-1006},
}


% MANUALS -------------------------------------------------------------------

@article{labview2009national,
  title={National Instruments},
  author={LabVIEW},
  journal={Austin, Texas},
  pages={78730--5039},
  year={2009}
}


@Manual{SiLiManual,
title = {PGT LS Series and IGX Series X-Ray Detector Manual},
author = {Chris Cox},
organization = {Princeton Gamma-Tech Instruments, Inc.},
month = {July},
year = {2005},
note = {URL: www.pgt.com},
}

@Manual{BPM,
title = {Beam Profile Monitors},
author = {Tim Davis},
organization = {National Electrostatics Corporation},
month = {April},
year = {2004},
note = {URL: http://www.pelletron.com/bpm.htm},
}

@Manual{AccManual,
title = {1.7 MV Tandetron Manual},
organization = {General Ionex Incorporated},
year = {1982},
}

@Manual{SputterSource,
title = {Cesium Sputtering Source 860},
organization = {General Ionex Incorporated},
year = {1982},
}

@Manual{Duoplasmatron,
title = {Duoplasmatron Source 358},
organization = {General Ionex Incorporated},
year = {1982},
}
	
@Manual{RFQManual,
title = {Operation Manual for Model DL-1 Linac Neutron Generator System - Serial Number 001: for the U.S. Department of Transportation - Transportation Systems Center},
OPTkey = {•},
OPTauthor = {•},
organization = {AccSys Technology, Inc},
address = {1177 A Quarry Lane, Pleasanton, CA 94566},
OPTedition = {•},
month = {October},
year = {1994},
OPTnote = {•},
OPTannote = {•}
}

@Manual{trace3d,
title = {Trace3D Documentation},
OPTkey = {•},
author = {K.Crandall, D.Rusthoi},
organization = {LANL},
OPTaddress = {•},
OPTedition = {•},
OPTmonth = {•},
year = {1997},
OPTnote = {•},
annote = {LA-UR-97-886}
}

@article{sacherer1971rms,
  title={RMS envelope equations with space charge},
  author={Sacherer, Frank J},
  journal={Nuclear Science, IEEE Transactions on},
  volume={18},
  number={3},
  pages={1105--1107},
  year={1971},
  publisher={IEEE}
}


@Manual{Lapostolle,
title = {CERN Report AR/Int SG/65-15: Effects de la charge d'espace dans un accelerateu lineaire a protons},
OPTkey = {•},
author = {Lapostolle, P.},
organization = {CERN},
OPTaddress = {•},
OPTedition = {},
OPTmonth = {•},
year = {1965},
OPTnote = {},
OPTannote = {•}
}

@Manual{FESAC2007,
title = {Priorities, Gaps and Opportunities: Towards A Long-Range Strategic Plan For Magnetic Fusion Energy},
OPTkey = {•},
author = {M.Greenwald},
organization = {A Report to the Fusion Energy Sciences Advisory Committee},
OPTaddress = {•},
OPTedition = {},
month = {October},
year = {2007},
OPTnote = {},
OPTannote = {•}
}


@article{transport,
  title={Computer Program for Designing Charged Particle Beam Transport Systems},
  author={Brown, KL and Carey, DC and Iselin, Ch and Rothacker, F},
  journal={SLAC-91 (1973 Rev.), NAL},
  volume={91},
  pages={80--04},
  year={1973}
}

@Manual{Maestro,
title = {MAESTRO-32: MCA Emulator for Microsoft Windows 2000 Professional and XP Professional, A65-B32 Software User's Manual},
OPTkey = {•},
OPTauthor = {•},
organization = {Ortec},
OPTaddress = {•},
OPTedition = {},
OPTmonth = {•},
OPTyear = {•},
note = {Software Version 6.0, Revision L},
OPTannote = {•}
}

@article{middleton1989negative,
  title={A negative ion cookbook},
  author={Middleton, Roy},
  journal={University of Pennsylvania},
  year={1989}
}

@article{simnra,
  title={SIMNRA user's guide},
  author={Mayer, Matej},
  year={1997},
  publisher={Max-Planck-Inst. f{\"u}r Plasmaphysik}
}

@article{python,
  title={Python 3.0 Programming Language},
  author={Python Software Foundation},
  year={1990-2013},
  publisher={http://www.python.org/}
}

% DATASHEETS-----------------------------------------------------------------
@Manual{KaptonSpecs,
title = {General Specifications for Kapton$\textregistered$ Polyimide Film},
organization = {Dupont},
note = {URL: http://www2.dupont.com/Kapton/en_US/index.html},
}

@Manual{KaptonProperties,
title = {Summary of Properties for Kapton$\textregistered$ Polyimide Film},
organization = {Dupont},
note = {URL: http://www2.dupont.com/Kapton/en_US/index.html},
}

% ACADEMIC------------------------------------------------------------------

@Misc{RomansPoster,
author = {R. Ochoukov and B. Lipschultz and D.G. Whyte and N. Gierse and S. Harrison},
title = {Surface Science Station: a real-time diagnostic of boronization in Alcator C-Mod},
howpublished = {Conference Poster: American Physical Society-Division of Plasma Physics},
month = {November},
year = {2007},
}

@PhdThesis{GrahamsThesis,
author = {Graham Wright},
title = {The Dynamics of Hydrogenic Retention in Irradiated Molybdenum},
school = {University of Wisconsin-Madison},
year = {2007},
}

@phdthesis{iverson1997windowless,
  title={Windowless gas targets for neutron production},
  author={Iverson, Erik Boyd},
  year={1997},
  school={Massachusetts Institute of Technology}
}

@PhdThesis{HartwigThesis,
author = {Zachary S. Hartwig},
title = {An in-situ accelerator-based diagnostic for plasma-material interactions science in magnetic fusion devices},
school = {Massachusetts Institute of Technology},
year = {2014},
}

@mastersthesis{HaroldsThesis,
  title={External proton beam analysis of plasma facing materials for magnetic confinement fusion applications},
  author={Barnard, Harold Salvadore},
  year={2009},
  school={Massachusetts Institute of Technology}
}


% INTERNET------------------------------------------------------------------
@article{group3,
  title={Group3 Loop Controller},
  author={Group3 Technology Ltd},
  journal={Auckland, Auckland},
  pages={www.group3technology.com},
  year={2012}
}


@Misc{NISTTransitions,
author = {J. H. Hubbell and S. M. Seltzer },
title = {Tables of X-Ray Mass Attenuation Coefficients
and Mass Energy-Absorption Coefficients},
howpublished = {National Institute of Standards and Technology},
month = {September},
year = {2005},
note = {URL: http://physics.nist.gov/PhysRefData/XrayTrans/index.html}
}

@Misc{NISTAttenuation,
author = {R.D. Deslattes and E.G. Kessler Jr. and P. Indelicato and L. de Billy and E. Lindroth and J. Anton and J.S. Coursey and D.J. Schwab and J. Chang and R. Sukumar and K. Olsen and R.A. Dragoset},
title = {Physical Reference Data: X-Ray Transition Energies},
howpublished = {National Institute of Standards and Technology},
month = {September},
year = {1996},
note = {URL: http://physics.nist.gov/PhysRefData/XrayMassCoef/cover.html}
}

@Manual{IterProject,
title = {The ITER Project},
organization = {ITER},
note = {URL: http://www.iter.org},
}

@Misc{EXFOR,
OPTkey = {},
author = {Brookhaven National Laboratory},
title = {Experimental Nuclear Reaction Data (EXFOR / CSISRS)},
howpublished = {URL:http://www.nndc.bnl.gov/exfor/exfor00.htm},
OPTmonth = {},
year = {2008},
OPTnote = {},
OPTannote = {}
}

@Misc{NECWebsite,
OPTkey = {•},
author = {National Electrostatics Corporation},
title = {Negative Ion Beam Sources},
howpublished = {www.pelletron.com},
OPTmonth = {•},
OPTyear = {2007},
OPTnote = {•},
OPTannote = {•}
}



% CODE --------------------------------------------------------------------
@Misc{SRIM,
author = {James F Ziegler and Jochen P. Biersack and Matthias D. Ziegler},
title = {Stopping and Range of Ions in Matter (SRIM2008)},
howpublished = {Software},
year = {2008},
}



